<?xml version="1.0" encoding="UTF-8"?><collection xmlns="http://www.loc.gov/MARC21/slim"><record><leader>00405nam--2200133-i-4500</leader><controlfield tag="001">000009807</controlfield><controlfield tag="002">20161230</controlfield><controlfield tag="005">20161230201028</controlfield><controlfield tag="008">060222s1000------------r-----000-0-eng-d</controlfield><datafield ind1=" " ind2=" " tag="080"><subfield code="a">621.039.52.034.3</subfield></datafield><datafield ind1=" " ind2=" " tag="100"><subfield code="a">Bainbridge, G.R</subfield></datafield><datafield ind1=" " ind2=" " tag="245"><subfield code="a">Gas-cooled reactors. enriched uranium designs -stainless steel applications</subfield></datafield><datafield ind1=" " ind2=" " tag="260"><subfield code="a">Viena, International Tomic Energy Agency, 1966 17 P. + 8 Fig</subfield></datafield><datafield ind1=" " ind2=" " tag="852"><subfield code="a">35458</subfield></datafield></record></collection>